<?xml version="1.0" encoding="UTF-8"?><collection xmlns="http://www.loc.gov/MARC21/slim"><record><leader>00471nam--2200145-i-4500</leader><controlfield tag="001">000044944</controlfield><controlfield tag="002">20161230</controlfield><controlfield tag="005">20161230201044</controlfield><controlfield tag="008">060222s1000------------r-----000-0-eng-d</controlfield><datafield ind1=" " ind2=" " tag="080"><subfield code="a">539.171.13</subfield></datafield><datafield ind1=" " ind2=" " tag="100"><subfield code="a">Tjom, P.O.And Elbek, B</subfield></datafield><datafield ind1=" " ind2=" " tag="245"><subfield code="a">A study of energy levels in odd-mass erbium nuclei by means of(d,p) and (d,t,) reactions</subfield></datafield><datafield ind1=" " ind2=" " tag="260"><subfield code="a">Kobenhavn, Det Kongelige Danske Videnskabernes Selskab, 1969, 43p</subfield></datafield><datafield ind1=" " ind2=" " tag="490"><subfield code="a">Matematisk-fysiske Meddelelser</subfield></datafield><datafield ind1=" " ind2=" " tag="852"><subfield code="a">33442</subfield></datafield></record></collection>